%
% German Month names
%
@string{apr = {April}}
@string{aug = {August}}
@string{dec = {Dezember}}
@string{feb = {Februar}}
@string{jan = {Januar}}
@string{jul = {Juli}}
@string{jun = {Juni}}
@string{mar = {MÃ¤rz}}
@string{may = {Mai}}
@string{nov = {November}}
@string{oct = {Oktober}}
@string{sep = {September}}
