%% This BibTeX bibliography file was created using BibDesk.
%% http://bibdesk.sourceforge.net/


%% Created for Tobias Pape at 2011-03-14 14:34:36 +0100 


%% Saved with string encoding Unicode (UTF-8) 



@article{kohavi2007online,
	Author = {Kohavi, R. and Longbotham, R.},
	Issn = {0018-9162},
	Journal = {Computer},
	Number = {9},
	Pages = {103--105},
	Publisher = {IEEE},
	Title = {{Online Experiments: Lessons Learned}},
	Volume = {40},
	Year = {2007}}

@book{tanenbaum1992modern,
	Author = {Tanenbaum, A.S. and Tannenbaum, A.},
	Publisher = {Prentice Hall Englewood Cliffs, NJ},
	Title = {{Modern operating systems}},
	Volume = {271},
	Year = {1992}}

@book{zellerprograms,
	Author = {Zeller, A.},
	Isbn = {1558608664},
	Publisher = {Elsevier/Morgan Kaufmann},
	Title = {{Why programs fail}},
	Year = {2006}}

@conference{hansen2004self,
	Author = {Hansen, J.G. and Jul, E.},
	Booktitle = {Proceedings of the 11th workshop on ACM SIGOPS European workshop},
	Organization = {ACM},
	Pages = {23},
	Title = {{Self-migration of operating systems}},
	Year = {2004}}

@conference{clark2005live,
	Author = {Clark, C. and Fraser, K. and Hand, S. and Hansen, J.G. and Jul, E. and Limpach, C. and Pratt, I. and Warfield, A.},
	Booktitle = {Proceedings of the 2nd conference on Symposium on Networked Systems Design \& Implementation-Volume 2},
	Organization = {USENIX Association},
	Pages = {273--286},
	Title = {{Live migration of virtual machines}},
	Year = {2005}}

@misc{cloudstandard,
	Date-Modified = {2011-03-14 14:28:12 +0100},
	Title = {{Cloud Standards}},
	Url = {http://www.cloud-standards.org},
	Year = 2011,
	Bdsk-Url-1 = {http://www.cloud-standards.org}}
