% This file was created with JabRef 2.6.
% Encoding: UTF8

@book{tanenbaum1992modern,
  title={{Modern operating systems}},
  author={Tanenbaum, A.S. and Tannenbaum, A.},
  volume={271},
  year={1992},
  publisher={Prentice Hall Englewood Cliffs, NJ}
}

@book{zellerprograms,
  title={{Why programs fail}},
  author={Zeller, A.},
  isbn={1558608664},
  publisher={Elsevier/Morgan Kaufmann}
}

